@misc{gartner_iot,
	title = {Gartner Says the Internet of Things Installed Base Will Grow to 26 Billion Units By 2020},
	howpublished = "\url{http://www.gartner.com/newsroom/id/2636073}",
	year = {2013},
	note = "[Online; accessed 26-Jan-2016]"
}

@misc{internet_users,
	title = {Number of {Internet} {Users} (2015) - {Internet} {Live} {Stats}},
	howpublished = "\url{http://www.internetlivestats.com/internet-users/}",
	year = {2015},
	note = "[Online; accessed 22-Jan-2016]"
}

@misc{internet_minute,
	title = {What {Happens} in an {Internet} {Minute} [{Infographic}] {\textbar} {Daily} {Infographic}},
	howpublished="\url{http://www.dailyinfographic.com/what-happens-in-an-internet-minute-infographic}",
	year = {2013},
	note = "[Online; accessed 29-Jan-2016]"
}

@misc{ericsson_mobility_report,
	title = {Ericsson {Mobility} {Report}: 70 percent of world's population using smartphones by 2020},
	howpublished="\url{http://www.ericsson.com/news/1925907}",
	year = {2015},
	note = "[Online; accessed 06-Feb-2016]"
}

@misc{ericsson_traffic_exploration,
	title = {Ericsson Traffic Exploration infograph},
	howpublished="\url{http://www.ericsson.com/TET/trafficView/loadBasicEditor.ericsson}",
	year = {2015},
	note = "[Online; accessed 06-Feb-2016]"
}

@misc{intel_proc_compare,
	title = {{ARK} {\textbar} {Your} {Source} for {Intel}® {Product} {Specifications}},
	howpublished="\url{http://ark.intel.com/}",
	year = {2015},
	note = "[Online; accessed 06-Feb-2016]"
}

@misc{silicon_photonics,
	title = {Silicon photonics},
	howpublished="\url{https://en.wikipedia.org/wiki/Silicon_photonics/}",
	year = {2015},
	note = "[Online; accessed 06-Feb-2016]"
}

@misc{optical_linking,
	title = {Linking {Chips} {With} {Light}},
	howpublished="\url{http://spectrum.ieee.org/semiconductors/optoelectronics/linking-chips-with-light}",
	year = {2015},
	note = "[Online; accessed 06-Feb-2016]",
	author = {Savage, Neil}
}

@misc{silicon_photonics_growth_2015,
	title = {Silicon photonics market to grow at {CAGR} of 38\% from \$25m in 2013 to \$700m in 2024},
	howpublished="\url{http://www.semiconductor-today.com/news_items/2014/JUL/YOLE_180714.shtml}",
	year = {2014},
	note = "[Online; accessed 06-Feb-2016]"
}

@article{temprana_overcoming_2015,
	title = {Overcoming {Kerr}-induced capacity limit in optical fiber transmission},
	volume = {348},
	copyright = {Copyright © 2015, American Association for the Advancement of Science},
	issn = {0036-8075, 1095-9203},
	url = {http://science.sciencemag.org/content/348/6242/1445},
	doi = {10.1126/science.aab1781},
	language = {en},
	number = {6242},
	urldate = {2016-02-06},
	journal = {Science},
	author = {Temprana, E. and Myslivets, E. and Kuo, B. P.-P. and Liu, L. and Ataie, V. and Alic, N. and Radic, S.},
	month = jun,
	year = {2015},
	pmid = {26113716},
	pages = {1445--1448}
}

@article{jalali_silicon_2006,
	title = {Silicon {Photonics}},
	volume = {24},
	issn = {0733-8724},
	doi = {10.1109/JLT.2006.885782},
	number = {12},
	journal = {Journal of Lightwave Technology},
	author = {Jalali, B. and Fathpour, S.},
	month = dec,
	year = {2006},
	pages = {4600--4615}
}

@article{forst_high-speed_2007,
	title = {High-speed all-optical switching in ion-implanted silicon-on-insulator microring resonators},
	volume = {32},
	issn = {0146-9592, 1539-4794},
	url = {https://www.osapublishing.org/abstract.cfm?URI=ol-32-14-2046},
	doi = {10.1364/OL.32.002046},
	language = {en},
	number = {14},
	urldate = {2016-02-06},
	journal = {Optics Letters},
	author = {Först, Michael and Niehusmann, Jan and Plötzing, Tobias and Bolten, Jens and Wahlbrink, Thorsten and Moormann, Christian and Kurz, Heinrich},
	month = jul,
	year = {2007},
	pages = {2046}
}

@article{lu_low-power_2014,
	title = {Low-power 2x2 silicon electro-optic switches based on double-ring assisted {Mach}–{Zehnder} interferometers},
	volume = {39},
	issn = {0146-9592, 1539-4794},
	url = {https://www.osapublishing.org/abstract.cfm?URI=ol-39-6-1633},
	doi = {10.1364/OL.39.001633},
	language = {en},
	number = {6},
	urldate = {2016-02-06},
	journal = {Optics Letters},
	author = {Lu, Liangjun and Zhou, Linjie and Li, Xinwan and Chen, Jianping},
	month = mar,
	year = {2014},
	pages = {1633}
}

@article{nikolova_scaling_2015,
	title = {Scaling silicon photonic switch fabrics for data center interconnection networks},
	volume = {23},
	issn = {1094-4087},
	url = {https://www.osapublishing.org/abstract.cfm?URI=oe-23-2-1159},
	doi = {10.1364/OE.23.001159},
	language = {en},
	number = {2},
	urldate = {2016-02-06},
	journal = {Optics Express},
	author = {Nikolova, Dessislava and Rumley, Sébastien and Calhoun, David and Li, Qi and Hendry, Robert and Samadi, Payman and Bergman, Keren},
	month = jan,
	year = {2015},
	pages = {1159}
}

@inproceedings{wu_mems-enabled_2015,
	title = {{MEMS}-{Enabled} {Scalable} {Silicon} {Photonic} {Switches}},
	isbn = {978-1-943580-03-3},
	url = {https://www.osapublishing.org/abstract.cfm?URI=FiO-2015-FW3B.2},
	doi = {10.1364/FIO.2015.FW3B.2},
	language = {en},
	urldate = {2016-02-06},
	publisher = {OSA},
	author = {Wu, Ming C. and Seok, Tae Joon and Han, Sangyoon and Quack, Niels},
	year = {2015},
	pages = {FW3B.2}
}

@article{dong_silicon_2015,
	title = {Silicon {In}-{Phase}/{Quadrature} {Modulator} {With} {On}-{Chip} {Optical} {Equalizer}},
	volume = {33},
	copyright = {© 2015 IEEE},
	url = {http://www.osapublishing.org/abstract.cfm?uri=jlt-33-6-1191},
	language = {EN},
	number = {6},
	urldate = {2016-02-06},
	journal = {Journal of Lightwave Technology},
	author = {Dong, Po and Xie, Chongjin and Buhl, Lawrence L. and Chen, Young-Kai and Sinsky, Jeffrey H. and Raybon, Gregory},
	month = mar,
	year = {2015},
	pages = {1191--1196}
}

@article{chen_generation_2013,
	title = {Generation of a flat optical frequency comb based on a cascaded polarization modulator and phase modulator},
	volume = {38},
	issn = {0146-9592, 1539-4794},
	url = {https://www.osapublishing.org/abstract.cfm?URI=ol-38-16-3137},
	doi = {10.1364/OL.38.003137},
	language = {en},
	number = {16},
	urldate = {2016-02-06},
	journal = {Optics Letters},
	author = {Chen, Cihai and He, Chao and Zhu, Dan and Guo, Ronghui and Zhang, Fangzheng and Pan, Shilong},
	month = aug,
	year = {2013},
	pages = {3137}
}

@inproceedings{urino_demonstration_2012,
	title = {Demonstration of 12.5-{Gbps} {Optical} {Interconnects} {Integrated} with {Lasers}, {Optical} {Splitters}, {Optical} {Modulators} and {Photodetectors} on a {Single} {Silicon} {Substrate}},
	isbn = {978-1-55752-950-3},
	url = {https://www.osapublishing.org/abstract.cfm?uri=ECEOC-2012-Tu.4.E.1},
	doi = {10.1364/ECEOC.2012.Tu.4.E.1},
	language = {en},
	urldate = {2016-02-06},
	publisher = {OSA},
	author = {Urino, Yutaka and Noguchi, Yoshiji and Noguchi, Masataka and Imai, Masahiko and Yamagishi, Masashi and Saitou, Shigeru and Hirayama, Naoki and Takahashi, Masashi and Takahashi, Hiroyuki and Saito, Emiko and Shimizu, Takanori and Okano, Makoto and Hatori, Nobuaki and Ishizaka, Masashige and Yamamoto, Tsuyoshi and Baba, Takeshi and Akagawa, Takeshi and Akiyama, Suguru and Usuki, Tatsuya and Okamoto, Daisuke and Miura, Makoto and Fujikata, Junichi and Shimura, Daisuke and Okayama, Hideaki and Yaegashi, Hiroki and Tsuchizawa, Tai and Yamada, Koji and Mori, Masahiko and Horikawa, Tsuyoshi and Nakamura, Takahiro and Arakawa, Yasuhiko},
	year = {2012},
	pages = {Tu.4.E.1}
}

@article{chang_high-power_2015,
	title = {High-power dual-fed traveling wave photodetector circuits in silicon photonics},
	volume = {23},
	issn = {1094-4087},
	url = {https://www.osapublishing.org/abstract.cfm?URI=oe-23-17-22857},
	doi = {10.1364/OE.23.022857},
	language = {en},
	number = {17},
	urldate = {2016-02-06},
	journal = {Optics Express},
	author = {Chang, Chia-Ming and Sinsky, Jeffrey H. and Dong, Po and de Valicourt, Guilhem and Chen, Young-Kai},
	month = aug,
	year = {2015},
	pages = {22857}
}

@article{garcia_design_2015,
	title = {Design of heterogeneous multicore fibers as sampled true-time delay lines},
	volume = {40},
	issn = {0146-9592, 1539-4794},
	url = {https://www.osapublishing.org/abstract.cfm?URI=ol-40-4-621},
	doi = {10.1364/OL.40.000621},
	language = {en},
	number = {4},
	urldate = {2016-02-06},
	journal = {Optics Letters},
	author = {Garcia, Sergi and Gasulla, Ivana},
	month = feb,
	year = {2015},
	pages = {621}
}

@article{mattarei_variable_2014,
	title = {Variable {Symbol}-{Rate} {DPSK} {Receiver} {Based} on {Silicon} {Photonics} {Coupled}-{Resonator} {Delay} {Line}},
	volume = {32},
	copyright = {© 2014 IEEE},
	url = {http://www.osapublishing.org/abstract.cfm?uri=jlt-32-19-3317},
	language = {EN},
	number = {19},
	urldate = {2016-02-06},
	journal = {Journal of Lightwave Technology},
	author = {Mattarei, Marco and Canciamilla, Antonio and Grillanda, Stefano and Morichetti, Francesco},
	month = oct,
	year = {2014},
	pages = {3317--3323}
}

@article{lim_laser_2010,
	title = {Laser optical gas sensor by photoexcitation effect on refractive index},
	volume = {49},
	issn = {0003-6935, 1539-4522},
	url = {https://www.osapublishing.org/abstract.cfm?URI=ao-49-9-1563},
	doi = {10.1364/AO.49.001563},
	language = {en},
	number = {9},
	urldate = {2016-02-06},
	journal = {Applied Optics},
	author = {Lim, Geunsik and DeSilva, Upul P. and Quick, Nathaniel R. and Kar, Aravinda},
	month = mar,
	year = {2010},
	pages = {1563}
}

@article{ryckeboer_glucose_2014,
	title = {Glucose sensing by waveguide-based absorption spectroscopy on a silicon chip},
	volume = {5},
	issn = {2156-7085, 2156-7085},
	url = {https://www.osapublishing.org/boe/abstract.cfm?uri=boe-5-5-1636},
	doi = {10.1364/BOE.5.001636},
	language = {en},
	number = {5},
	urldate = {2016-02-06},
	journal = {Biomedical Optics Express},
	author = {Ryckeboer, E. and Bockstaele, R. and Vanslembrouck, M. and Baets, R.},
	month = may,
	year = {2014},
	pages = {1636}
}

@inproceedings{janz_silicon_2007,
	title = {Silicon {Waveguide} {Photonics} for {Biosensing} {Applications}},
	isbn = {1-55752-844-6},
	url = {https://www.osapublishing.org/abstract.cfm?uri=IPNRA-2007-IWA1},
	doi = {10.1364/IPNRA.2007.IWA1},
	language = {en},
	urldate = {2016-02-06},
	publisher = {OSA},
	author = {Janz, Siegfried and Densmore, A and Xu, D.-x and Waldron, P and Lapointe, J and Lopinski, G and Mischki, T and Cheben, P and Delâge, A and Lamontagne, B and Schmid, J H.},
	year = {2007},
	pages = {IWA1}
}

@article{xie_efficient_2015,
	title = {Efficient silicon polarization rotator based on mode-hybridization in a double-stair waveguide},
	volume = {23},
	issn = {1094-4087},
	url = {https://www.osapublishing.org/oe/abstract.cfm?uri=oe-23-4-3960},
	doi = {10.1364/OE.23.003960},
	language = {en},
	number = {4},
	urldate = {2016-02-06},
	journal = {Optics Express},
	author = {Xie, Anbang and Zhou, Linjie and Chen, Jianping and Li, Xinwan},
	month = feb,
	year = {2015},
	pages = {3960}
}

@article{velasco_ultracompact_2012,
	title = {Ultracompact polarization converter with a dual subwavelength trench built in a silicon-on-insulator waveguide},
	volume = {37},
	issn = {0146-9592, 1539-4794},
	url = {https://www.osapublishing.org/abstract.cfm?URI=ol-37-3-365},
	doi = {10.1364/OL.37.000365},
	language = {en},
	number = {3},
	urldate = {2016-02-06},
	journal = {Optics Letters},
	author = {Velasco, Aitor V. and Calvo, María L. and Cheben, Pavel and Ortega-Moñux, Alejandro and Schmid, Jens H. and Ramos, Carlos Alonso and Fernandez, Íñigo Molina and Lapointe, Jean and Vachon, Martin and Janz, Siegfried and Xu, Dan-Xia},
	month = feb,
	year = {2012},
	pages = {365}
}

@article{leung_numerical_2011,
	title = {Numerical {Analysis} of {Asymmetric} {Silicon} {Nanowire} {Waveguide} as {Compact} {Polarization} {Rotator}},
	volume = {3},
	issn = {1943-0655},
	doi = {10.1109/JPHOT.2011.2140098},
	number = {3},
	journal = {IEEE Photonics Journal},
	author = {Leung, D.M.H. and Rahman, B.M.A. and Grattan, K.T.V.},
	month = jun,
	year = {2011},
	pages = {381--389}
}

@article{wang_design_2014,
	title = {Design of a {SiO}\_2 top-cladding and compact polarization splitter-rotator based on a rib directional coupler},
	volume = {22},
	issn = {1094-4087},
	url = {https://www.osapublishing.org/oe/abstract.cfm?uri=oe-22-4-4137},
	doi = {10.1364/OE.22.004137},
	language = {en},
	number = {4},
	urldate = {2016-02-06},
	journal = {Optics Express},
	author = {Wang, Jing and Niu, Ben and Sheng, Zhen and Wu, Aimin and Wang, Xi and Zou, Shichang and Qi, Minghao and Gan, Fuwan},
	month = feb,
	year = {2014},
	pages = {4137}
}

@article{dai_novel_2011,
	title = {Novel concept for ultracompact polarization splitter-rotator based on silicon nanowires},
	volume = {19},
	issn = {1094-4087},
	url = {https://www.osapublishing.org/oe/abstract.cfm?uri=oe-19-11-10940},
	doi = {10.1364/OE.19.010940},
	language = {en},
	number = {11},
	urldate = {2016-02-06},
	journal = {Optics Express},
	author = {Dai, Daoxin and Bowers, John E.},
	month = may,
	year = {2011},
	pages = {10940}
}

@inproceedings{wirth_efficient_2012,
	title = {Efficient {Silicon}-on-{Insulator} {Polarization} {Rotator} based on {Mode} {Evolution}},
	isbn = {978-1-55752-943-5},
	url = {https://www.osapublishing.org/abstract.cfm?uri=CLEO_AT-2012-JW4A.83},
	doi = {10.1364/CLEO_AT.2012.JW4A.83},
	language = {en},
	urldate = {2016-02-06},
	publisher = {OSA},
	author = {Wirth, Justin C. and Wang, Jian and Niu, Ben and Xuan, Yi and Fan, Li and Varghese, Leo and Leaird, Dan E. and Weiner, Andrew},
	year = {2012},
	pages = {JW4A.83}
}

@article{chen_compact_2011,
	title = {Compact polarization rotator on silicon for polarization-diversified circuits},
	volume = {36},
	issn = {0146-9592, 1539-4794},
	url = {https://www.osapublishing.org/abstract.cfm?URI=ol-36-4-469},
	doi = {10.1364/OL.36.000469},
	language = {en},
	number = {4},
	urldate = {2016-02-06},
	journal = {Optics Letters},
	author = {Chen, Long and Doerr, Christopher R. and Chen, Young-Kai},
	month = feb,
	year = {2011},
	pages = {469}
}


@article{sarmiento-merenguel_demonstration_2015,
	title = {Demonstration of integrated polarization control with a 40 {dB} range in extinction ratio},
	volume = {2},
	issn = {2334-2536},
	url = {https://www.osapublishing.org/abstract.cfm?URI=optica-2-12-1019},
	doi = {10.1364/OPTICA.2.001019},
	language = {en},
	number = {12},
	urldate = {2016-02-06},
	journal = {Optica},
	author = {Sarmiento-Merenguel, J. D. and Halir, R. and Le Roux, X. and Alonso-Ramos, C. and Vivien, L. and Cheben, P. and Durán-Valdeiglesias, E. and Molina-Fernández, I. and Marris-Morini, D. and Xu, D.-X. and Schmid, J. H. and Janz, S. and Ortega-Moñux, A.},
	month = dec,
	year = {2015},
	pages = {1019}
}


@article{xu_electrically_2014,
	title = {Electrically tunable optical polarization rotation on a silicon chip using {Berry}’s phase},
	volume = {5},
	copyright = {© 2014 Nature Publishing Group, a division of Macmillan Publishers Limited. All Rights Reserved.},
	url = {http://www.nature.com/ncomms/2014/141112/ncomms6337/full/ncomms6337.html},
	doi = {10.1038/ncomms6337},
	language = {en},
	urldate = {2016-02-06},
	journal = {Nature Communications},
	author = {Xu, Qiang and Chen, Li and Wood, Michael G. and Sun, Peng and Reano, Ronald M.},
	month = nov,
	year = {2014},
	keywords = {Applied physics, Nanotechnology, Optical physics, Physical sciences},
	pages = {5337}
}